<?xml version="1.0" encoding="UTF-8"?><collection xmlns="http://www.loc.gov/MARC21/slim"><record><leader>00516nam--2200193-i-4500</leader><controlfield tag="001">000024146</controlfield><controlfield tag="002">20161230</controlfield><controlfield tag="005">20161230201035</controlfield><controlfield tag="008">060222s1000------------r-----000-0-eng-d</controlfield><datafield ind1=" " ind2=" " tag="020"><subfield code="a">0408106060</subfield></datafield><datafield ind1=" " ind2=" " tag="040"><subfield code="a">IFIN-HH</subfield></datafield><datafield ind1=" " ind2=" " tag="080"><subfield code="a">535.375.5:535.14:621.375.826</subfield></datafield><datafield ind1="1" ind2=" " tag="100"><subfield code="a">Hollas, J. Michael</subfield></datafield><datafield ind1="1" ind2="0" tag="245"><subfield code="a">High resolution spectroscopy</subfield><subfield code="c">J. michael hollas</subfield></datafield><datafield ind1=" " ind2=" " tag="260"><subfield code="a">TORONTO</subfield><subfield code="b">Butterworths</subfield><subfield code="c">1982</subfield></datafield><datafield ind1=" " ind2=" " tag="300"><subfield code="a">XV + 638P</subfield></datafield><datafield ind1="0" ind2=" " tag="650"><subfield code="a">Spectrum Analysis</subfield></datafield><datafield ind1=" " ind2=" " tag="852"><subfield code="a">70209</subfield><subfield code="c">535.33</subfield></datafield><datafield ind1=" " ind2=" " tag="CAT"><subfield code="a">Sys</subfield><subfield code="c">20101216</subfield><subfield code="h">152353</subfield></datafield></record></collection>